@article{fowler2001agile,
  title={The agile manifesto},
  author={Fowler, Martin and Highsmith, Jim},
  journal={Software Development},
  volume={9},
  number={8},
  pages={28--35},
  year={2001},
  publisher={[San Francisco, CA: Miller Freeman, Inc., 1993-}
}

@inproceedings{hoda2010organizing,
  title={Organizing self-organizing teams},
  author={Hoda, Rashina and Noble, James and Marshall, Stuart},
  booktitle={Proceedings of the 32nd ACM/IEEE International Conference on Software Engineering-Volume 1},
  pages={285--294},
  year={2010},
  organization={ACM}
}
